%%%%Vorlagen/Muster
@book{kopka1991latex,
	author = {Kopka, Helmut and Rahtz, Sebastian},
	publisher = {Addison-Wesley},
	title = {LaTeX: Einf\"{u}hrung},
	volume = {2},
	year = {1991}
}

@online{latexKomp,
	lastchecked = {2014-09-14},
	title = {LaTeX-Kompendium -- Wikibooks, Sammlung freier Lehr-, Sach- und Fachb\"{u}cher},
	url = {http://de.wikibooks.org/wiki/LaTeX-Kompendium}
}

@online{quelle,
	lastchecked = {2014-09-01},
	title = {Quellenangabe -- Wikipedia},
	url = {http://de.wikipedia.org/wiki/Quellenangabe#.C3.96sterreich}
}

@online{wiki:quelle,
	author = {Wikipedia},
	lastchecked = {2014-09-14},
	title = {Quellenangabe --- Wikipedia{,} Die freie Enzyklopädie},
	url = {http://de.wikipedia.org/w/index.php?title=Quellenangabe&oldid=131343956}
}

@online{ wiki:zitat,
   author = "Wikipedia",
   title = "Zitat --- Wikipedia{,} Die freie Enzyklopädie",
   url = "http://de.wikipedia.org/w/index.php?title=Zitat&oldid=134064196",
   lastchecked = "2014-09-14"
 }

@online{ris57,
	lastchecked = {2014-09-14},
	title = {Urheberrechtsgesetz},
	url = {http://www.ris.bka.gv.at/Dokumente/Bundesnormen/NOR40041632/NOR40041632.html}
}

@article{dittrich,
	author = {Dittrich, Robert},
	isbn = {3406516831},
	journal = {Urheberrecht im Informationszeitalter. Festschrift f\"{u}r Wilhelm Nordemann.},
	location = {M\"{u}nchen},
	pages = {617--624},
	title = {Zur Quellenangabe bei Zitaten.},
	year = {2004}
}

@online{layout,
  lastchecked = {2014-09-17},
  url = {http://www.siart.de/typografie/latextipps.xhtml#layout},
  title = {LaTeX-Tipps}
}

@online{listingtipp,
  lastchecked = {2014-09-17},
  url = {http://uweziegenhagen.de/?p=1500},
  title={LaTeX: Umlaute in utf8 Listings korrekt ausgeben}
}

%%%%%%%%%%%%%%%%%%%%%%%%%%%%%%%%%%%%%%%%%%%%%%%%%%
%Eigene Quellen
@online{NAZA_M-lite,
	lastchecked = {2016-02-17},
	url = {http://wiki.dji.com/en/index.php/Naza-M},
	title = {Naza-M}
}

@online{RN171,
	lastchecked = {2016-02-17},
	url = {http://www.microchip.com/wwwproducts/en/RN171},
	title = {RN171}
}

@online{GrundlagenMulticopter,
	lastchecked = {2016-02-18},
	url = {http://technikblog.ch/2013/03/projekt-multicopter-wie-funktioniert-ein-multicopter/},
	title = {Projekt Multicopter: Wie funktioniert ein Multicopter}
}

% Markus: FLat Design Erklärung
@online{FlatDesign,
	lastchecked = {2016-21-02},
	url = {http://www.creativebloq.com/graphic-design/what-flat-design-3132112},
	title = {The beginner's guide to flat design}
}

% Markus: Boston Consulting Group Portfolioanalyse
@online{portfolioanalyse,
	lastchecked = {2016-26-02},
	url = {http://www.bcg.de/bcg_deutschland/geschichte/klassiker/portfoliomatrix.aspx},
	title = {Portfoliomatrix}
}

% Markus: Disaster Café
@online{disastercafe,
	lastchecked = {2016-02-03},
	url = {http://www.odditycentral.com/videos/disaster-cafe-where-every-meal-comes-with-a-7-8-earthquake.html},
	title = {Disaster Café – Where Every Meal Comes with a 7.8 Earthquake}
}

% Markus: Modern Toilet
@online{moderntoilet,
	lastchecked = {2016-02-03},
	url = {http://blog.racheshop.de/tag/modern-toilet-restaurant/},
	title = {“Modern Toilet”: Das Restaurant im witzigen Toiletten-Look}
}

% Markus: Affen-Kellner
@online{affenkellner,
	lastchecked = {2016-02-03},
	url = {http://www.unnuetzes.com/wissen/14699/affenkellner/},
	title = {In Japan gibt es ein Restaurant, in dem man von Affen bedient wird.}
}

% Markus: The Royal Dragon
@online{royaldragon,
	lastchecked = {2016-02-03},
	url = {http://www.royal-dragon.com/aboutus.htm},
	title = {Royal Dragon}
}

% Markus: Dinner in the Sky
@online{dinnerinthesky,
	lastchecked = {2016-02-03},
	url = {http://www.dinnerinthesky.at/},
	title = {Dinner in the Sky}
}

% Markus: Dinner in the Dark
@online{dinnerinthedark,
	lastchecked = {2016-02-03},
	url = {https://www.youtube.com/watch?v=oIT1i-6qDSA},
	title = {Dinner in the Dark}
}

% Markus: Infinium Serve
@online{infiniumserve,
	lastchecked = {2016-02-03},
	url = {https://www.youtube.com/watch?v=5TrZ8vhYuv8},
	title = {Fully Autonomous Flying Robots for Restaurants - Infinium-Serve}
}

% Markus: iTray
@online{itray,
	lastchecked = {2016-02-03},
	url = {http://www.telegraph.co.uk/foodanddrink/foodanddrinkvideo/10110070/Sushi-restaurant-launches-flying-iTray-waiter-service.html},
	title = {Sushi restaurant launches flying 'iTray' waiter service}
}

% Markus: HTML
@online{html,
	lastchecked = {2016-06-03},
	url = {http://www.jgiesen.de/javascript/HTML/HTML1/HTML1.html},
	title = {Was ist "HTML" ?}
}

% Markus: HTML 5
@online{html5,
	lastchecked = {2016-06-03},
	url = {http://blog.adisfaction.de/2014/html5-vorteile-und-funktionen/#.VtwC8ebYjoI},
	title = {HTML5: Vorteile und Funktionen}
}

% Markus: JavaScript
@online{javascript,
	lastchecked = {2016-06-03},
	url = {https://developer.mozilla.org/de/docs/Web/JavaScript/Guide/Einf%C3%BChrung},
	title = {Einführung in JavaScript}
}

% Markus: jQuery
@online{jquery,
	lastchecked = {2016-06-03},
	url = {http://www.dockmedia.de/blog/blog-detailansicht/was-ist-jquery.html},
	title = {Was ist jQuery?}
}

% Markus: CSS
@online{css,
	lastchecked = {2016-06-03},
	url = {http://www.webmasterpro.de/coding/article/css-einfuehrung.html},
	title = {CSS Einführung - Grundlagen der Webgestaltung mit CSS}
}

% Markus: Bootstrap
@online{bootstrap,
	lastchecked = {2016-06-03},
	url = {http://www.le-dot.com/blog/was-ist-bootstrap},
	title = {Was ist Bootstrap?}
}

% Markus: PHP
@online{php,
	lastchecked = {2016-06-03},
	url = {http://php.net/manual/de/intro-whatis.php},
	title = {Was ist PHP?}
}

% Markus: Ruby
@online{ruby,
	lastchecked = {2016-06-03},
	url = {http://wiki.ruby-portal.de/Ruby_vs._PHP},
	title = {Ruby vs. PHP}
}

% Markus: Perl
@online{perl,
	lastchecked = {2016-06-03},
	url = {http://www.tutorialspoint.com/perl/perl_introduction.htm},
	title = {Perl - Introduction}
}

% Markus: MySQL
@online{mysql,
	lastchecked = {2016-06-03},
	url = {https://www.checkdomain.de/blog/tipp/mysql-der-lieblingsmanager-fur-computerdatenbanken/},
	title = {MySQL: Der Lieblingsmanager für Computerdatenbanken}
}

% Markus: MongoDB
@online{mongodb,
	lastchecked = {2016-06-03},
	url = {http://www.searchenterprisesoftware.de/definition/MongoDB},
	title = {MongoDB }
}

% Markus: BSON
@online{bson,
	lastchecked = {2016-06-03},
	url = {http://bsonspec.org/},
	title = {BSON}
}

% Markus: Cross Side Scripting
@online{xss,
	lastchecked = {2016-10-03},
	url = {https://www.owasp.org/index.php/Cross-site_Scripting_%28XSS%29},
	title = {Cross-site Scripting (XSS)}
}

% Markus: SQL Injections
@online{sqlinjections,
	lastchecked = {2016-11-03},
	url = {https://www.owasp.org/index.php/SQL_Injection},
	title = {SQL Injection}
}

% Markus: ECER Erklärung
@online{ECER,
	lastchecked = {2016-11-03},
	url = {https://pria.at/ecer/#about-ecer},
	title = {ECER 2016}
}

% Markus: Invasion der Drohnen
@online{invasionderdrohnen,
	lastchecked = {2016-11-03},
	url = {http://www.oeaw.ac.at/veranstaltungen-kommunikation/veranstaltungen/veranstaltungsdetails/article/invasion-der-drohnen/},
	title = {Invasion der Drohnen}
}

% Markus:
@online{accenture,
	lastchecked = {2016-11-03},
	url = {https://www.accenture.com/de-de/company},
	title = {accenture}
}

% Markus: GRZ
@online{grz,
	lastchecked = {2016-13-03},
	url = {http://www.grz.at/eBusiness/01_template1/1077528498541834366-1079165223538591640-1079165223538591640-NA-42-NA.html},
	title = {GRZ IT Center GmbH}
}

% Markus: OFI
@online{ofi,
	lastchecked = {2016-13-03},
	url = {http://www.ofi.at/ueber-uns.html},
	title = {OFI auf einen Blick}
}

% Markus: EVOtech
@online{evotech,
	lastchecked = {2016-13-03},
	url = {http://evo-tech.eu/de/kontakt},
	title = {EVOtech}
}

% Markus:
@online{,
	lastchecked = {2016-13-03},
	url = {},
	title = {}
}

% Markus:
@online{,
	lastchecked = {2016-13-03},
	url = {},
	title = {}
}

% Markus: Wie Farben wirken Buch
@article{WieFarbenWirken,
	author = {Heller, Eva},
	isbn = {3499619601},
	journal = {Rowohlt Taschenbuch Verlag; Auflage: 8 (1. Dezember 2004)},
	location = {},
	pages = {},
	title = {Wie Farben wirken},
	year = {2004}
}

%kathi
@online{symfonyDokumentation,
	lastchecked = {2016-02-11},
	url = {http://symfony.com/doc/2.7/book/index.html},
	title = {Symfony 2.7 - Dokumentation}
}

%kathi
@online{twigDokumentation,
	lastchecked = {2016-02-26},
	url = {http://twig.sensiolabs.org/documentation},
	title = {Twig - Dokumentation}
}

%kathi
@online{doctrineDokumentation,
	lastchecked = {2016-02-26},
	url = {http://doctrine-orm.readthedocs.org/en/latest/tutorials/getting-started.html},
	title = {Doctrine - Dokumentation}
}

%kathi
@online{gulpTutorial,
	lastchecked = {2016-02-26},
	url = {https://liechtenecker.at/front-end-workflow-mit-gulp/},
	title = {Gulp - Tutorial}
}

%chrisy
@online{Vicon,
	lastchecked = {2016-03-03},
	url = {http://www.vicon.com/what-is-motion-capture},
	title = {What is Motion Capture?},
}
%chrisy
@online{NasaCGuide,
	lastchecked = {2016-03-03},
	url = {homepages.inf.ed.ac.uk/dts/pm/Papers/nasa-c-style.pdf},
	title = {C STYLE GUIDE},
}
@online{Tool_yed,
	lastchecked = {2016-03-03},
	url = {https://www.yworks.com/products/yed},
	title = {yEd Graph Editor},
}
%chrisy
@online{Tool_mplab,
	lastchecked = {2016-03-03},
	url = {http://www.microchip.com/mplab/mplab-x-ide},
	title = {MPLAB® X Integrated Development Environment (IDE)},
}
%chrisy
@online{Tool_github,
	lastchecked = {2016-03-03},
	url = {https://guides.github.com/activities/hello-world/},
	title = {Hello World},
}
%chrisy
@online{pos_signal_1,
	lastchecked = {2016-03-03},
	url = {http://www2.informatik.hu-berlin.de/rok/SuD/Studienarbeit_Menz.pdf},
	title = {RFID basierte Positionsbestimmung},
}
%chrisy
@online{pos_signal_2,
	lastchecked = {2016-03-03},
	url = {http://www.mi.fu-berlin.de/inf/groups/ag-tech/teaching/2009-10_WS/S_19510b_Proseminar_Technische_Informatik/schmidt10positionsbestimmung.pdf},
	title = {Positionsbestimmung in Gebäuden},
}

%chrisy
@online{tech_def,
	lastchecked = {2016-03-13},
	url = {https://de.wikipedia.org/wiki/Technischer_Defekt},
	title = {Technischer Defekt},
}

%chrisy
@online{pos_eigenschaften,
	lastchecked = {2016-03-03},
	url = {http://inka.htw-berlin.de/Sieck/Abschlussarbeiten/Bunk_MA.pdf},
	title = {Verbesserte Objekterkennung in Augmented Reality Anwendungen unter Verwendung von Sensorsystemen},
}
%chrisy
@online{pos_signal_3,
	lastchecked = {2016-03-03},
	url = {http://www.pitt.edu/~dtipper/2011/Survey1.pdf},
	title = {Survey of Wireless Indoor Positioning Techniques and Systems},
}
%chrisy
@online{pos_signal_4,
	lastchecked = {2016-03-07},
	url = {geodaesie.info/system/files/privat/zfv_2006_1_Retscher_Kistenich.pdf},
	title = {Vergleich von Systemen zur Positionsbestimmung und Navigation in Gebäuden},
}
%chrisy
@online{copterAnwendung,
	lastchecked = {2016-03-03},
	url = {http://www.drohnen.de/was-sind-drohnen/},
	title = {Was sind Drohnen?},
}
%chrisy
@online{posAnwendung,
	lastchecked = {2016-03-03},
	url = {http://www.schrack-seconet.com/de/products_solutions/health_care/disorientation_system/},
	title = {Desorientiertensystem},
}
%chrisy
@online{Pixy,
	lastchecked = {2016-03-03},
	url = {http://cmucam.org/projects/cmucam5},
	title = {Übersicht},
}
%chrisy
@online{optische_sys,
	lastchecked = {2016-03-03},
	url = {https://wwwcg.in.tum.de/fileadmin/user_upload/Lehrstuehle/Lehrstuhl_XV/Teaching/WS10_11/Proseminar_Seminar/Talks/Kathrin_Oellerer.pdf},
	title = {How to make a PIXAR movie - Motion Capturing},
}
%chrisy
@online{Ultrasonic,
	lastchecked = {2016-03-03},
	url = {http://www.mikrocontroller.net/attachment/218122/HC-04_ultraschallmodul_beschreibung_3.pdf},
	title = {Ultraschall Messmodul HC-SR04},
}
%chrisy
@online{Bildverarbeitung,
	lastchecked = {2016-03-03},
	url = {http://www9.in.tum.de/seminare/hs.SS06.EAMA/material/01_ausarbeitung.pdf},
	title = {Grundlagen: Bildverarbeitung / Objekterkennung},
}
%chrisy
@online{PositionAllg,
	lastchecked = {2016-03-03},
	url = {http://www.vdc-fellbach.de/wissen/vr-hardware/tracking-systeme},
	title = {Tracking},
}
%chrisy
@online{machinevision,
	lastchecked = {2016-03-05},
	url = {http://whatis.techtarget.com/definition/machine-vision},
	title = {Definition machine vision},
}
%chrisy
@online{obj_det_trak,
	lastchecked = {2016-03-05},
	url = {http://de.slideshare.net/VanyaVabrina/real-time-object-tracking},
	title = {real-time object detection and tracking},
}
%chrisy
@online{Pixy_Verfahren,
	lastchecked = {2016-03-05},
	url = {http://www.cs.cmu.edu/~jbruce/cmvision/papers/CMVision-IROS2000.pdf},
	title = {Fast and Inexpensive Color Image Segmentation for Interactive Robots},
}
%chrisy
@online{Pixy_Verfahren2,
	lastchecked = {2016-03-05},
	url = {http://www.cs.cmu.edu/~jbruce/cmvision/},
	title = {The CORAL Group's Color Machine Vision Project},
}
%chrisy
@online{NazaUserManual,
	lastchecked = {2016-03-05},
	url = {http://dl.djicdn.com/downloads/naza-m%20lite/en/NAZA-M%20LITE_User_Manual_v2.00_en.pdf},
	title = {NAZA-M Lite User Manual},
}
%chrisy
@online{Seg_modell,
	lastchecked = {2016-03-06},
	url = {http://www9.in.tum.de/seminare/ps.WS05.gdbv/ausarbeitungen/ps-gdbv-ws05-07.pdf},
	title = {Modellbasierte Segmentierung},
}
%chrisy
@online{Seg_punkt,
	lastchecked = {2016-03-06},
	url = {http://www.gris.informatik.tu-darmstadt.de/lehre/seminarpraktikum/cg+krebs/ss08/slides/Lungenuntersuchung_Handout.pdf},
	title = {Computergraphik in der Krebstherapie},
}
%chrisy
@online{Seg_region,
	lastchecked = {2016-03-06},
	url = {http://www.di.ubi.pt/~agomes/cvm/teoricas/07-regionsegmentation.pdf},
	title = {Computacao Visual e Multimedia},
}
%chrisy
@online{Seg_coocc,
	lastchecked = {2016-03-07},
	url = {http://www.weblearn.hs-bremen.de/risse/AWI/TEXTUR/merkmale.htm},
	title = {Teil 1: Texturmerkmale, Grauwertübergangsmatrix-Verfahren},
}
%chrisy
@online{Seg_textur,
	lastchecked = {2016-03-07},
	url = {http://www.mathematik.uni-ulm.de/stochastik/lehre/ws05_06/seminar/sauter.pdf},
	title = {Bildsegmentierung: Übersicht},
}
%chrisy
@online{machinevision2,
	lastchecked = {2016-03-06},
	url = {https://www.sim.informatik.tu-darmstadt.de/publ/da/2008-Baumgartner.pdf},
	title = {Automatische Farbklassifikation zur Anwendung im RoboCup},
}
%chrisy
@online{Bildverarbeitung2,
	lastchecked = {2016-03-07},
	url = {https://www.htw-dresden.de/fileadmin/userfiles/et/Labore/Prozessmesstechnik/Bildverarbeitung.pdf},
	title = {Komplexpraktikum Automatisierungstechnik},
}
%chrisy
@online{NAZA_Konfig,
	lastchecked = {2016-03-08},
	url = {http://www.dji.com/de/product/naza-m-lite/feature},
	title = {NAZA M-LITE},
}
%chrisy
@online{opticalFlow,
	lastchecked = {2016-03-10},
	url = {http://www.inf.fu-berlin.de/inst/ag-ki/rojas_home/documents/Betreute_Arbeiten/Master-Zetzsche.pdf},
	title = {Kollisionserkennung für Single-/Multicopter mit Hilfe des Optischen Flusses},
}

%chrisy
@online{positionswitch,
	lastchecked = {2016-03-13},
	url = {http://www.globe-flight.de/mediafiles/Anleitungen/DJI/Naza_de_v2.11.pdf},
	title = {NAZA Steuerungsmodul für Multi-Kopter},
}

%chrisy
@online{akustischeverfahren,
	lastchecked = {2016-03-13},
	url = {http://www.mikrocontroller.net/attachment/41716/projektarbeit.pdf},
	title = { Meßtechniken und Schaltungsentwürfe zur hochpräzisen Abstandsmessung mit Ultraschall},
}

%alex
@online{PIXY_Cmu_cam5,
	lastchecked = {2016-02-26},
	url = {https://www.google.at/search?q=pixy+cmu+cam5&biw=1366&bih=657&source=lnms&tbm=isch&sa=X&ved=0ahUKEwil8ZDh-JXLAhWmPZoKHfAQAboQ_AUIBigB#tbm=isch&q=pixy+cmucam5+back&imgrc=z8L3am8weM0uVM%3A},
	title = {PIXY Cam Anschlussbuchse},
}

%alex
@online{werte_abs,
	lastchecked = {2016-03-02},
	url = {http://webcache.googleusercontent.com/search?q=cache:Iv3t6tuj2zIJ:www.l-kt.de/Werkstoffdatenblaetter/Werkstoffdatenblatt%2520ABS.pdf+&cd=1&hl=de&ct=clnk&gl=at},
	title = {Werte ABS},
}

%alex
@online{spannungsverteilung,
	lastchecked = {2016-03-05},
	url = {http://www.uniturm.de/download/getdownloadfile?id=40022&type=dl},
	title = {Spannungsverteilung bei Zug und Biegung},
}

%alex
@online{kerbformen,
	lastchecked = {2016-03-05},
	url = {http://www.uniturm.de/download/getdownloadfile?id=40022&type=dl},
	title = {Spannungsverteilung bei verschiedenen Kerbformen},
}
